<?xml version="1.0" encoding="UTF-8"?><collection xmlns="http://www.loc.gov/MARC21/slim"><record><leader>00457nam--2200145-i-4500</leader><controlfield tag="001">000009605</controlfield><controlfield tag="002">20161230</controlfield><controlfield tag="005">20161230201028</controlfield><controlfield tag="008">060222s1000------------r-----000-0-eng-d</controlfield><datafield ind1=" " ind2=" " tag="080"><subfield code="a">517.91</subfield></datafield><datafield ind1=" " ind2=" " tag="100"><subfield code="a">Ciligot-travain, Gino</subfield></datafield><datafield ind1=" " ind2=" " tag="245"><subfield code="a">Estimation bayesienne et identification des sy stemes gouvernes par des equations aux derivee s partielles</subfield></datafield><datafield ind1=" " ind2=" " tag="260"><subfield code="a">Paris, Faculte Des Sciences, 1970. 104 P</subfield></datafield><datafield ind1=" " ind2=" " tag="852"><subfield code="a">34388</subfield><subfield code="c">517.9</subfield></datafield><datafield ind1=" " ind2=" " tag="CAT"><subfield code="a">Sys</subfield><subfield code="c">20081014</subfield><subfield code="h">085035</subfield></datafield></record></collection>